@misc{gleeson2010commentary,
  title={Commentary: Groundwater sustainability strategies, Nat},
  author={Gleeson, T and VanderSteen, J and Sophocleous, AA and Taniguchi, M and Alley, WM and Allen, DM and Zhou, Y},
  year={2010},
  publisher={Geosci}
}
@article{wada2010global,
  title={Global depletion of groundwater resources},
  author={Wada, Yoshihide and Van Beek, Ludovicus PH and Van Kempen, Cheryl M and Reckman, Josef WTM and Vasak, Slavek and Bierkens, Marc FP},
  journal={Geophysical research letters},
  volume={37},
  number={20},
  year={2010},
  publisher={Wiley Online Library}
}
@article{wine2020water,
  title={In water-limited landscapes, an Anthropocene exchange: Trading lakes for irrigated agriculture},
  author={Wine, Michael L and Laronne, Jonathan B},
  journal={Earth's Future},
  volume={8},
  number={4},
  pages={e2019EF001274},
  year={2020},
  publisher={Wiley Online Library}
}
@book{jungwirth2012assessing,
  title={Assessing the Ecological Integrity of Running Waters: Proceedings of the International Conference, Held in Vienna, Austria, 9--11 November 1998},
  author={Jungwirth, Matthias and Muhar, Susanne and Schmutz, Stefan},
  volume={149},
  year={2012},
  publisher={Springer Science \& Business Media}
}
@book{karr1998restoring,
  title={Restoring life in running waters: better biological monitoring},
  author={Karr, James R and Chu, Ellen W},
  year={1998},
  publisher={Island Press}
}
@book{cedare2001,
  title={Regional National Strategy for the Utilisation of The Nubian Sandstone Aquifer System},
  volume={3},
  year={2001},
  publisher={Centre for Environment \& Development for the Arab Region and Europe}
}
@misc{acea2020,
  title={Acea Smart Water Analytics},
  publisher={Acea Group},
  year={2020},
  url={https://www.kaggle.com/c/acea-water-prediction/},
}